<?xml version="1.0" encoding="UTF-8"?><collection xmlns="http://www.loc.gov/MARC21/slim"><record><leader>00471nam--2200145-i-4500</leader><controlfield tag="001">000034345</controlfield><controlfield tag="002">20161230</controlfield><controlfield tag="005">20161230201040</controlfield><controlfield tag="008">060222s1000------------r-----000-0-eng-d</controlfield><datafield ind1=" " ind2=" " tag="080"><subfield code="a">517.1(043)</subfield></datafield><datafield ind1=" " ind2=" " tag="100"><subfield code="a">Nguyen, Cat-ho</subfield></datafield><datafield ind1=" " ind2=" " tag="245"><subfield code="a">Generalized post algebras and their application to some infinitary many-valued logics</subfield></datafield><datafield ind1=" " ind2=" " tag="260"><subfield code="a">Warszawa, Panstowowe Wydawnictwo Naukowe, 1973. 76p</subfield></datafield><datafield ind1=" " ind2=" " tag="490"><subfield code="a">Dissertationes Mathematicae, Rozprawy Matematyczne, Cvii</subfield></datafield><datafield ind1=" " ind2=" " tag="852"><subfield code="a">7385</subfield></datafield></record></collection>